<marc:record xmlns:marc="http://www.loc.gov/MARC21/slim" xmlns:xsi="http://www.w3.org/2001/XMLSchema-instance" xsi:schemaLocation="http://www.loc.gov/MARC21/slim http://www.loc.gov/standards/marcxml/schema/MARC21slim.xsd">
  <marc:leader>     nam a2200241   4500</marc:leader>
  <marc:controlfield tag="001">001677189</marc:controlfield>
  <marc:controlfield tag="003">NNU</marc:controlfield>
  <marc:controlfield tag="005">19961205174530.9</marc:controlfield>
  <marc:controlfield tag="008">930917m19321933ua            000 0 arard</marc:controlfield>
  <marc:datafield tag="035" ind1="9" ind2=" ">
    <marc:subfield code="a">NYUb12220564</marc:subfield>
  </marc:datafield>
  <marc:datafield tag="035" ind1=" " ind2=" ">
    <marc:subfield code="a">(MH)MHBIX27627HU</marc:subfield>
  </marc:datafield>
  <marc:datafield tag="035" ind1=" " ind2=" ">
    <marc:subfield code="a">(OCoLC)28839700</marc:subfield>
  </marc:datafield>
  <marc:datafield tag="035" ind1=" " ind2=" ">
    <marc:subfield code="a">(CStRLIN)MAHGBIX27627-B</marc:subfield>
  </marc:datafield>
  <marc:datafield tag="040" ind1=" " ind2=" ">
    <marc:subfield code="a">CU</marc:subfield>
    <marc:subfield code="c">CU</marc:subfield>
    <marc:subfield code="d">MH</marc:subfield>
    <marc:subfield code="d">CStRLIN</marc:subfield>
  </marc:datafield>
  <marc:datafield tag="050" ind1=" " ind2="4">
    <marc:subfield code="a">BP135.A2</marc:subfield>
    <marc:subfield code="b">J3 1932</marc:subfield>
  </marc:datafield>
  <marc:datafield tag="100" ind1="1" ind2=" ">
    <marc:subfield code="a">ʻAjlūnī, Ismāʻīl ibn Muḥammad,</marc:subfield>
    <marc:subfield code="d">1676 or 7-1748 or 9.</marc:subfield>
  </marc:datafield>
  <marc:datafield tag="245" ind1="1" ind2="0">
    <marc:subfield code="a">Kashf al-khafāʼ wa-muzīl al-ilbās ʻammā ishtahara min al-aḥādīth ʻalá alsinat al-nās /</marc:subfield>
    <marc:subfield code="c">li-Ismāʻīl ibn Muḥammad al-ʻAjlūnī al-Jarrāḥī.</marc:subfield>
  </marc:datafield>
  <marc:datafield tag="260" ind1=" " ind2=" ">
    <marc:subfield code="a">al-Qāhirah :</marc:subfield>
    <marc:subfield code="b">Maktabat al-Qudsī,</marc:subfield>
    <marc:subfield code="c">1351-1352 [1932-1933]</marc:subfield>
  </marc:datafield>
  <marc:datafield tag="300" ind1=" " ind2=" ">
    <marc:subfield code="a">2 v. in 1 ;</marc:subfield>
    <marc:subfield code="c">25 cm.</marc:subfield>
  </marc:datafield>
  <marc:datafield tag="500" ind1=" " ind2=" ">
    <marc:subfield code="a">Reprint of the ed. published in Cairo, 1932-33.</marc:subfield>
  </marc:datafield>
  <marc:datafield tag="650" ind1=" " ind2="0">
    <marc:subfield code="a">Hadith.</marc:subfield>
  </marc:datafield>
  <marc:datafield tag="950" ind1=" " ind2=" ">
    <marc:subfield code="l">BMAIN</marc:subfield>
    <marc:subfield code="a">BP135.A2</marc:subfield>
    <marc:subfield code="b">J3 1968</marc:subfield>
  </marc:datafield>
  <marc:datafield tag="955" ind1=" " ind2=" ">
    <marc:subfield code="l">BMAIN</marc:subfield>
    <marc:subfield code="c">1:v.1/2</marc:subfield>
    <marc:subfield code="r">027723819</marc:subfield>
  </marc:datafield>
  <marc:datafield tag="998" ind1=" " ind2=" ">
    <marc:subfield code="s">9115</marc:subfield>
  </marc:datafield>
</marc:record>
